@misc{pasco_spectrophotometer_manual,
  author = {PASCO Scientific},
  title = {Educational Spectrophotometer System Manual},
  howpublished = {\url{https://cdn.pasco.com/product_document/Educational-Spectrophotometer-System-Manual-OS-8539.pdf}},
  year = {2017},
  note = {Accessed: November 3, 2024}
}

@misc{cortland_lab_manual,
  author = {SUNY Cortland},
  title = {Physics Laboratory Manual: Experiment 1},
  howpublished = {\url{https://web.cortland.edu/wheeler/phy150/Laboratory/Laboratory1.pdf}},
  year = {2024},
  month = {November},
  note = {Accessed: November 3, 2024}
}

@manual{usm_diffraction,
  author = "{Universiti Sains Malaysia (USM)}",
  title = "{2OS2 Diffraction Grating Spectrometer Manual}",
  year = {2024},
  note = "[Online]. Available: \\url{https://elearning.usm.my/sidang2425/pluginfile.php/216941/mod_resource/content/1/2OS2%20Diffraction%20Grating%20Spectrometer.pdf}",
  month = dec,
  note = "[Accessed: Dec. 8, 2024]"
}

@misc{physicsSE_second_order_spectra,
  author       = {User contributions},
  title        = {Second order spectra vs. first order},
  howpublished = {\url{https://physics.stackexchange.com/questions/284394/second-order-spectra-vs-first-order}},
  note         = {Accessed: 2024-12-15}
}

@misc{nist_mercury_spectrum,
  author       = {National Institute of Standards and Technology (NIST)},
  title        = {Atomic Spectra Database - Mercury Wavelengths},
  howpublished = {\url{https://physics.nist.gov/PhysRefData/Handbook/Tables/mercurytable2.htm}},
  note         = {Accessed: 2024-12-15}
}

@misc{sciencephoto_helium_spectra,
  author       = {Science Photo Library},
  title        = {Helium emission and absorption spectra},
  howpublished = {\url{https://www.sciencephoto.com/media/673903/view/helium-emission-and-absorption-spectra}},
  note         = {Accessed: 2024-12-15}
}

@misc{nist_helium_spectrum,
  author       = {National Institute of Standards and Technology (NIST)},
  title        = {Atomic Spectra Database - Helium Wavelengths},
  howpublished = {\url{https://physics.nist.gov/PhysRefData/Handbook/Tables/heliumtable2.htm}},
  note         = {Accessed: 2024-12-15}
}

@misc{sciencephoto_cadmium_spectrum,
  author       = {Science Photo Library},
  title        = {Emission Spectrum of Cadmium},
  howpublished = {\url{https://www.sciencephoto.com/media/1674/view/emission-spectrum-of-cadmium}},
  note         = {Accessed: 2024-12-15}
}

@misc{nist_cadmium_spectrum,
  author       = {National Institute of Standards and Technology (NIST)},
  title        = {Atomic Spectra Database - Cadmium Wavelengths},
  howpublished = {\url{https://physics.nist.gov/PhysRefData/Handbook/Tables/cadmiumtable2_a.htm}},
  note         = {Accessed: 2024-12-15}
}

@misc{utexas_hydrogen_spectra,
  author       = {University of Texas at Austin},
  title        = {Hydrogen Atom Line Spectra},
  howpublished = {\url{https://ch301.cm.utexas.edu/section2.php?target=atomic/H-atom/line-spectra.html}},
  note         = {Accessed: 2024-12-15}
}

@misc{nist_hydrogen_spectrum,
  author       = {National Institute of Standards and Technology (NIST)},
  title        = {Atomic Spectra Database - Hydrogen Wavelengths},
  howpublished = {\url{https://physics.nist.gov/PhysRefData/Handbook/Tables/hydrogentable2.htm}},
  note         = {Accessed: 2024-12-15}
}

@misc{lighting_gallery_sodium_spectrum,
  author       = {Lighting Gallery},
  title        = {Sodium Vapor Emission Spectrum},
  howpublished = {\url{https://www.lighting-gallery.net/gallery/displayimage.php?album=3248&pos=46&pid=110444}},
  note         = {Accessed: 2024-12-15}
}

@misc{nist_sodium_spectrum,
  author       = {National Institute of Standards and Technology (NIST)},
  title        = {Atomic Spectra Database - Sodium Wavelengths},
  howpublished = {\url{https://physics.nist.gov/PhysRefData/Handbook/Tables/sodiumtable2.htm}},
  note         = {Accessed: 2024-12-15}
}
