@online{IITRCornuMethod,
  author       = {{Department of Physics, IIT Roorkee}},
  title        = {Cornu's Method},
  year         = {n.d.},
  url          = {https://iitr.ac.in/Academics/static/Department/Physics/Optics%20Laboratory/1._Carnus_Method.pdf},
  urldate      = {2025-04-22},
  note         = {Optics Laboratory Resource, IIT Roorkee}
}

@manual{USMYoungPoisson,
  author       = {{Pusat Pengajian Fizik dan Ilmu Hisab, Universiti Sains Malaysia}},
  title        = {Poisson's Ratio and Young's Modulus for Glass},
  year         = {n.d.},
  note         = {Laboratory manual, Universiti Sains Malaysia},
  urldate      = {2025-04-22}
}

@article{Kojima2024Poisson,
  author       = {Kojima, Seiji},
  title        = {Poisson's Ratio of Glasses, Ceramics, and Crystals},
  journal      = {Materials},
  year         = {2024},
  volume       = {17},
  number       = {2},
  pages        = {300},
  doi          = {10.3390/ma17020300},
  url          = {https://www.mdpi.com/1996-1944/17/2/300}
}

@article{ElMoneim1998Elastic,
  author       = {Abd El-Moneim, A. and Gaafar, M. S. and Sidkey, M. A.},
  title        = {Elastic Moduli Prediction and Correlation in SiO2-Based Glasses},
  journal      = {Materials Chemistry and Physics},
  volume       = {52},
  number       = {3},
  pages        = {258--262},
  year         = {1998},
  doi          = {10.1016/S0254-0584(97)02025-7},
  url          = {https://doi.org/10.1016/S0254-0584(97)02025-7}
}

@article{Sharpe2007Strain,
  author       = {Sharpe, W. N. Jr. and Pulskamp, J. and Gianola, D. S. and Eberl, C. and Polcawich, R. G. and Thompson, R. J.},
  title        = {Strain Measurements of Silicon Dioxide Microspecimens by Digital Imaging Processing},
  journal      = {Experimental Mechanics},
  volume       = {47},
  number       = {5},
  pages        = {649--658},
  year         = {2007},
  doi          = {10.1007/s11340-006-9010-z},
  url          = {https://doi.org/10.1007/s11340-006-9010-z}
}

@article{Li2025NegativePoisson,
  author       = {Li, Longlong},
  title        = {Research on the Optimization and Preparation of Negative Poisson's Ratio Structure of Quartz Glass},
  journal      = {Materials Letters},
  volume       = {384},
  pages        = {138105},
  year         = {2025},
  doi          = {10.1016/j.matlet.2025.138105},
  url          = {https://doi.org/10.1016/j.matlet.2025.138105}
}
