@article{michelson_morley_1887,
  author = {Michelson, A. A. and Morley, E. W.},
  title = {On the Relative Motion of the Earth and the Luminiferous Ether},
  journal = {American Journal of Science},
  volume = {34},
  pages = {333--345},
  year = {1887},
  url = {https://en.wikisource.org/wiki/The_Relative_Motion_of_the_Earth_and_the_Luminiferous_Ether}
}

@misc{michelson_interferometer_wikipedia,
  title = {Michelson Interferometer},
  author = {Wikipedia contributors},
  year = {2024},
  url = {https://en.wikipedia.org/wiki/Michelson_interferometer}
}

@manual{usm_2os3_manual,
  title        = {2OS3 Manual and Laser Safety},
  author       = {Universiti Sains Malaysia},
  year         = {2024},
  note         = {Accessed: 2024-12-28},
  url          = {https://elearning.usm.my/sidang2425/pluginfile.php/190755/mod_resource/content/2/2OS3%20Manual%20%2B%20Laser%20Safety%20%281%29.pdf}
}

@inproceedings{lielbeke_2015,
    author = {Lielbeke, D. and Betz, M. and Baig, A. and Baudis, L. and Bezzon, G. and Cesbron, T. and Fattorini, A. and Kühn, S. and Lewis, P. and Marechal, F. and Mueller, P. and Parodi, R. and Rombach, F. and Rossi, C. and Rouxel, D. and Seitz, S. and Steyn, A. and Wölling, R.},
    title = {Status of the CAST Experiment and Its Operation With New Micromegas Detectors},
    booktitle = {12th Patras Workshop on Axions, WIMPs and WISPs},
    year = {2015},
    url = {https://indico.cern.ch/event/336199/contributions/787672/contribution.pdf}
}

@manual{phywe_2019,
  title        = {Michelson Interferometer - High Resolution},
  year         = {2019},
  organization = {PHYWE Systeme GmbH \& Co. KG},
  address      = {Göttingen, Germany},
  note         = {Item No.: P2220910},
  url          = {https://www.phywe.com},
}

@misc{Thorlabs_HeNeLaser,
  author       = {Thorlabs},
  title        = {Helium-Neon Lasers - Tutorial},
  year         = {2025},
  url          = {https://www.thorlabs.com/newgrouppage9.cfm?objectgroup_id=10776},
  note         = {Accessed: 2025-01-28}
}

@misc{UCSB_HeNe_Lasers,
  author       = {University of California, Santa Barbara},
  title        = {Properties of Helium–Neon Lasers},
  year         = {2006},
  url          = {https://web.physics.ucsb.edu/~phys128/experiments/laser/LaserFall06.pdf},
  note         = {Accessed: 2025-01-28}
}

